@misc{Bellman1954,
	title        = {The Theory of Dynamic Programming},
	author       = {Richard Bellman},
	year         = 1954,
	month        = {jul}
}
@book{Rockafellar1970,
	title        = {Convex analysis},
	author       = {Rockafellar, R. Tyrrell},
	year         = 1970,
	publisher    = {Princeton University Press},
	series       = {Princeton Mathematical Series}
}
@inproceedings{Borodin1990,
	title        = {On the Power of Randomization in Online Algorithms},
	author       = {Ben-David, S. and Borodin, A. and Karp, R. and Tardos, G. and Wigderson, A.},
	year         = 1990,
	booktitle    = {Proceedings of the Twenty-Second Annual ACM Symposium on Theory of Computing},
	publisher    = {Association for Computing Machinery},
	series       = {STOC '90},
	pages        = {379–386},
	numpages     = 8
}
@inproceedings{Karlin1990,
	title        = {Competitive Randomized Algorithms for Non-Uniform Problems},
	author       = {Karlin, Anna R. and Manasse, Mark S. and McGeoch, Lyle A. and Owicki, Susan},
	year         = 1990,
	booktitle    = {Proceedings of the First Annual ACM-SIAM Symposium on Discrete Algorithms},
	publisher    = {Society for Industrial and Applied Mathematics},
	series       = {SODA '90},
	pages        = {301–309},
	numpages     = 9
}
@phdthesis{Rowan1990,
	title        = {Functional Stability Analysis of Numerical Algorithms},
	author       = {Tom Rowan},
	year         = 1990,
	school       = {University of Texas at Austin},
	type         = {phdthesis}
}
@inproceedings{Blum1992,
	title        = {A decomposition theorem and bounds for randomized server problems},
	author       = {Blum, A. and Karloff, H. and Rabani, Y. and Saks, M.},
	year         = 1992,
	booktitle    = {Proceedings., 33rd Annual Symposium on Foundations of Computer Science},
	pages        = {197--207}
}
@article{Borodin1992,
	title        = {An Optimal On-Line Algorithm for Metrical Task System},
	author       = {Borodin, Allan and Linial, Nathan and Saks, Michael E.},
	year         = 1992,
	month        = oct,
	journal      = {J. ACM},
	publisher    = {Association for Computing Machinery},
	volume       = 39,
	number       = 4,
	pages        = {745–763},
	issue_date   = {Oct. 1992},
	numpages     = 19
}
@misc{Karp1992,
	title        = {On-Line Algorithms Versus Off-Line Algorithms: How Much is it Worth to Know the Future?},
	author       = {Karp, Richard M.},
	year         = 1992,
	month        = {Jul}
}
@inbook{Powell1994,
	title        = {A Direct Search Optimization Method That Models the Objective and Constraint Functions by Linear Interpolation},
	author       = {Powell, M. J. D.},
	year         = 1994,
	booktitle    = {Advances in Optimization and Numerical Analysis},
	publisher    = {Springer Netherlands},
	pages        = {51--67},
	editor       = {Gomez, Susana and Hennart, Jean-Pierre}
}
@article{Powell1998,
	title        = {Direct search algorithms for optimization calculations},
	author       = {Powell, M. J. D.},
	year         = 1998,
	journal      = {Acta Numerica},
	publisher    = {Cambridge University Press},
	volume       = 7,
	pages        = {287–336}
}
@misc{Boyd2003,
	title        = {Subgradient Methods},
	author       = {Stephen Boyd and Lin Xiao and Almir Mutapcic},
	year         = 2003,
	month        = {oct},
	organization = {Stanford University}
}
@inproceedings{Dean2004,
	title        = {MapReduce: Simplified Data Processing on Large Clusters},
	author       = {Jeffrey Dean and Sanjay Ghemawat},
	year         = 2004,
	booktitle    = {OSDI'04: Sixth Symposium on Operating System Design and Implementation},
	pages        = {137--150}
}
@article{Bailey2005,
	title        = {A comparison of three high-precision quadrature schemes},
	author       = {David H. Bailey and Karthik Jeyabalan and Xiaoye S. Li},
	year         = 2005,
	journal      = {Experimental Mathematics},
	publisher    = {A K Peters, Ltd.},
	volume       = 14,
	number       = 3,
	pages        = {317 -- 329}
}
@inproceedings{Clark2005,
	title        = {Live Migration of Virtual Machines},
	author       = {Clark, Christopher and Fraser, Keir and Hand, Steven and Hansen, Jacob Gorm and Jul, Eric and Limpach, Christian and Pratt, Ian and Warfield, Andrew},
	year         = 2005,
	booktitle    = {Proceedings of the 2nd Conference on Symposium on Networked Systems Design \& Implementation - Volume 2},
	publisher    = {USENIX Association},
	series       = {NSDI'05},
	pages        = {273–286},
	numpages     = 14
}
@article{Shan2006,
	title        = {Heterogeneous Processing: A Strategy for Augmenting Moore's Law},
	author       = {Shan, Amar},
	year         = 2006,
	month        = feb,
	journal      = {Linux J.},
	publisher    = {Belltown Media},
	volume       = 2006,
	number       = 142,
	pages        = 7,
}
@article{Aalto2007,
	title        = {Beyond Processor Sharing},
	author       = {Aalto, Samuli and Ayesta, Urtzi and Borst, Sem and Misra, Vishal and N\'{u}\~{n}ez-Queija, Rudesindo},
	year         = 2007,
	month        = mar,
	journal      = {SIGMETRICS Perform. Eval. Rev.},
	publisher    = {Association for Computing Machinery},
	volume       = 34,
	number       = 4,
	pages        = {36–43},
	numpages     = 8
}
@inproceedings{Albers2007,
	title        = {Speed Scaling on Parallel Processors},
	author       = {Albers, Susanne and M\"{u}ller, Fabian and Schmelzer, Swen},
	year         = 2007,
	booktitle    = {Proceedings of the Nineteenth Annual ACM Symposium on Parallel Algorithms and Architectures},
	publisher    = {Association for Computing Machinery},
	series       = {SPAA '07},
	pages        = {289–298},
	numpages     = 10
}
@article{Barroso2007,
	title        = {The Case for Energy-Proportional Computing},
	author       = {Barroso, Luiz André and Hölzle, Urs},
	year         = 2007,
	journal      = {Computer},
	volume       = 40,
	number       = 12,
	pages        = {33--37}
}
@inproceedings{Brill2007,
	title        = {The Economic Meltdown of Moore{\textquoteright}s Law and the Green Data Center},
	author       = {Kenneth G. Brill},
	year         = 2007,
	month        = nov,
	booktitle    = {21st Large Installation System Administration Conference ({LISA} 07)},
	publisher    = {{USENIX} Association},
}
@book{Press2007,
	title        = {Numerical Recipes 3rd Edition: The Art of Scientific Computing},
	author       = {Press, William H. and Teukolsky, Saul A. and Vetterling, William T. and Flannery, Brian P.},
	year         = 2007,
	publisher    = {Cambridge University Press},
	edition      = 3
}
@misc{Virtamo2007,
	title        = {38.3141 Teletraffic Theory / PS queue},
	author       = {Virtamo, Jorma},
	year         = 2007,
	organization = {Helsinki University of Technology}
}
@inproceedings{Bodik2008,
	title        = {A Case For Adaptive Datacenters To Conserve Energy and Improve Reliability},
	author       = {P. Bod{\'i}k and Michael Armbrust and K. Canini and A. Fox and Michael I. Jordan and D. Patterson},
	year         = 2008
}
@article{Calafiore2008,
	title        = {Multi-Period Portfolio Optimization with Linear Control Policies},
	author       = {Calafiore, Giuseppe Carlo},
	year         = 2008,
	month        = oct,
	journal      = {Automatica},
	publisher    = {Pergamon Press, Inc.},
	volume       = 44,
	number       = 10,
	pages        = {2463–2473},
	numpages     = 11
}
@inproceedings{Chen2008,
	title        = {Energy-Aware Server Provisioning and Load Dispatching for Connection-Intensive Internet Services},
	author       = {Chen, Gong and He, Wenbo and Liu, Jie and Nath, Suman and Rigas, Leonidas and Xiao, Lin and Zhao, Feng},
	year         = 2008,
	booktitle    = {Proceedings of the 5th USENIX Symposium on Networked Systems Design and Implementation},
	publisher    = {USENIX Association},
	series       = {NSDI'08},
	pages        = {337–350},
	numpages     = 14
}
@misc{Hamilton2008,
	title        = {Cost of Power in Large-Scale Data Centers},
	author       = {Hamilton, James},
	year         = 2008,
	month        = {nov},
	howpublished = {\url{https://perspectives.mvdirona.com/2008/11/cost-of-power-in-large-scale-data-centers/}}
}
@misc{Hamilton2009,
	title        = {The Cost of Latency},
	author       = {Hamilton, James},
	year         = 2009,
	month        = {oct},
	howpublished = {\url{https://perspectives.mvdirona.com/2009/10/the-cost-of-latency/}}
}
@article{Khuller2009,
	title        = {Energy Efficient Scheduling via Partial Shutdown},
	author       = {Samir Khuller and Jian Li and Barna Saha},
	year         = 2009,
	journal      = {CoRR},
	volume       = {abs/0912.1329}
}
@techreport{Powell2009,
	title        = {The BOBYQA algorithm for bound constrained optimization without derivatives},
	author       = {Michael J. D. Powell},
	year         = 2009,
	organization = {University of Cambridge},
	number       = {DAMTP 2009/NA06}
}
@techreport{Thereska2009,
	title        = {Sierra: a power-proportional, distributed storage system},
	author       = {Thereska, Eno and Donnelly, Austin and Narayanan, Dushyanth},
	year         = 2009,
	month        = {November},
	publisher    = {Microsoft Research},
	number       = {MSR-TR-2009-153}
}
@inproceedings{Zanini2009,
	title        = {Multicore thermal management with model predictive control},
	author       = {Zanini, Francesco and Atienza, David and Benini, Luca and De Micheli, Giovanni},
	year         = 2009,
	booktitle    = {2009 European Conference on Circuit Theory and Design},
	pages        = {711--714}
}
@article{Armbrust2010,
	title        = {A View of Cloud Computing},
	author       = {Armbrust, Michael and Fox, Armando and Griffith, Rean and Joseph, Anthony D. and Katz, Randy and Konwinski, Andy and Lee, Gunho and Patterson, David and Rabkin, Ariel and Stoica, Ion and Zaharia, Matei},
	year         = 2010,
	month        = apr,
	journal      = {Commun. ACM},
	publisher    = {Association for Computing Machinery},
	volume       = 53,
	number       = 4,
	pages        = {50–58},
	numpages     = 9
}
@book{Durrett2010,
	title        = {Probability: Theory and Examples},
	author       = {Durrett, Rick},
	year         = 2010,
	publisher    = {Cambridge University Press},
	series       = {Cambridge Series in Statistical and Probabilistic Mathematics},
	edition      = 4,
	collection   = {Cambridge Series in Statistical and Probabilistic Mathematics}
}
@inproceedings{Gmach2010,
	title        = {Capacity planning and power management to exploit sustainable energy},
	author       = {Gmach, Daniel and Rolia, Jerry and Bash, Cullen and Chen, Yuan and Christian, Tom and Shah, Amip and Sharma, Ratnesh and Wang, Zhikui},
	year         = 2010,
	booktitle    = {2010 International Conference on Network and Service Management},
	pages        = {96--103}
}
@inproceedings{Gmach2010_2,
	title        = {Profiling Sustainability of Data Centers},
	author       = {Gmach, Daniel and Yuan Chen and Shah, Amip and Rolia, Jerry and Bash, Cullen and Christian, Tom and Sharma, Ratnesh},
	year         = 2010,
	booktitle    = {Proceedings of the 2010 IEEE International Symposium on Sustainable Systems and Technology},
	pages        = {1--6}
}
@inproceedings{Albers2011,
	title        = {{Algorithms for Dynamic Speed Scaling}},
	author       = {Susanne Albers},
	year         = 2011,
	booktitle    = {28th International Symposium on Theoretical Aspects of Computer Science (STACS 2011)},
	publisher    = {Schloss Dagstuhl--Leibniz-Zentrum fuer Informatik},
	series       = {Leibniz International Proceedings in Informatics (LIPIcs)},
	volume       = 9,
	pages        = {1--11}
}
@inproceedings{Li2011,
	title        = {Generalized Machine Activation Problems},
	author       = {Li, Jian and Khuller, Samir},
	year         = 2011,
	booktitle    = {Proceedings of the Twenty-Second Annual ACM-SIAM Symposium on Discrete Algorithms},
	publisher    = {Society for Industrial and Applied Mathematics},
	series       = {SODA '11},
	pages        = {80–94},
	numpages     = 15
}
@inproceedings{Lin2011,
	title        = {Dynamic right-sizing for power-proportional data centers},
	author       = {Lin, Minghong and Wierman, Adam and Andrew, Lachlan L. H. and Thereska, Eno},
	year         = 2011,
	booktitle    = {2011 Proceedings IEEE INFOCOM},
	pages        = {1098--1106}
}
@book{Sauer2011,
	title        = {Numerical Analysis},
	author       = {Sauer, Timothy},
	year         = 2011,
	publisher    = {Addison-Wesley Publishing Company},
	edition      = {2nd}
}
@book{Williamson2011,
	title        = {The Design of Approximation Algorithms},
	author       = {Williamson, David P. and Shmoys, David B.},
	year         = 2011,
	publisher    = {Cambridge University Press},
	edition      = {1st}
}
@misc{Beck2012,
	title        = {Smoothing and First Oorder Methods: A Unified Framework},
	author       = {Amir Beck and Marc Teboulle},
	year         = 2012
}
@inproceedings{Lin2012,
	title        = {Online Algorithms for Geographical Load Balancing},
	author       = {Lin, Minghong and Liu, Zhenhua and Wierman, Adam and Andrew, Lachlan L. H.},
	year         = 2012,
	booktitle    = {Proceedings of the 2012 International Green Computing Conference (IGCC)},
	publisher    = {IEEE Computer Society},
	series       = {IGCC '12},
	pages        = {1–10},
	numpages     = 10
}
@misc{SWIM2013,
	title        = {Statistical Workload Injector for MapReduce},
	author       = {Yanpei Chen and Sara Alspaugh and Archana Ganapathi and Rean Griffith and Randy Katz},
	year         = 2013,
	month        = {feb},
	organization = {UC Berkeley},
	howpublished = {\url{https://github.com/SWIMProjectUCB/SWIM/wiki}}
}
@article{Albers2014,
	title        = {Race to Idle: New Algorithms for Speed Scaling with a Sleep State},
	author       = {Albers, Susanne and Antoniadis, Antonios},
	year         = 2014,
	month        = feb,
	publisher    = {Association for Computing Machinery},
	volume       = 10,
	number       = 2,
	articleno    = 9,
	numpages     = 31
}
@phdthesis{Das2014,
	title        = {Online Convex Optimization and its application to Online Portfolio Selection},
	author       = {Puja Das},
	year         = 2014,
	month        = may,
	school       = {University of Minnesota},
	type         = {phdthesis}
}
@inproceedings{Kim2014,
	title        = {Real-time electricity pricing for demand response using online convex optimization},
	author       = {Kim, Seung-Jun and Giannakis, Geogios B.},
	year         = 2014,
	booktitle    = {ISGT 2014},
	pages        = {1--5}
}
@misc{Whitney2014,
	title        = {Data Center Efficiency Assessment},
	author       = {Whitney, Josh and Delforge, Pierre},
	year         = 2014,
	month        = {Aug},
	organization = {Natural Resources Defense Council}
}
@misc{Williamson2014,
	title        = {ORIE 6300 Mathematical Programming I // Lecture 25},
	author       = {David P. Williamson},
	year         = 2014,
	month        = {nov},
	editor       = {Wei Qian},
	organization = {Cornell University}
}
@misc{Andrew2015,
	title        = {A Tale of Two Metrics: Simultaneous Bounds on Competitiveness and Regret},
	author       = {Lachlan L. H. Andrew and Siddharth Barman and Katrina Ligett and Minghong Lin and Adam Meyerson and Alan Roytman and Adam Wierman},
	year         = 2015
}
@inproceedings{Badiei2015,
	title        = {Online convex optimization with ramp constraints},
	author       = {Badiei, Masoud and Li, Na and Wierman, Adam},
	year         = 2015,
	booktitle    = {2015 54th IEEE Conference on Decision and Control (CDC)},
	pages        = {6730--6736}
}
@inproceedings{Bansal2015,
	title        = {{A 2-Competitive Algorithm For Online Convex Optimization With Switching Costs}},
	author       = {Nikhil Bansal and Anupam Gupta and Ravishankar Krishnaswamy and Kirk Pruhs and Kevin Schewior and Cliff Stein},
	year         = 2015,
	booktitle    = {Approximation, Randomization, and Combinatorial Optimization. Algorithms and Techniques (APPROX/RANDOM 2015)},
	publisher    = {Schloss Dagstuhl--Leibniz-Zentrum fuer Informatik},
	series       = {Leibniz International Proceedings in Informatics (LIPIcs)},
	volume       = 40,
	pages        = {96--109},
	editor       = {Naveen Garg and Klaus Jansen and Anup Rao and Jos{\'e} D. P. Rolim}
}
@misc{Bubeck2015,
	title        = {Convex Optimization: Algorithms and Complexity},
	author       = {Sébastien Bubeck},
	year         = 2015
}
@misc{Burke2015,
	title        = {Convex Optimization / 2. Convexity},
	author       = {James V. Burke},
	year         = 2015,
	organization = {University of Washington}
}
@article{Chen2015,
	title        = {Online Convex Optimization Using Predictions},
	author       = {Niangjun Chen and Anish Agarwal and Adam Wierman and Siddharth Barman and Lachlan L. H. Andrew},
	year         = 2015,
	journal      = {CoRR},
	volume       = {abs/1504.06681}
}
@inbook{Kim2015,
	title        = {A Decision Tree Framework for Spatiotemporal Sequence Prediction},
	author       = {Kim, Taehwan and Yue, Yisong and Taylor, Sarah and Matthews, Iain},
	year         = 2015,
	booktitle    = {Proceedings of the 21th ACM SIGKDD International Conference on Knowledge Discovery and Data Mining},
	publisher    = {Association for Computing Machinery},
	pages        = {577–586},
	numpages     = 10
}
@article{Matsakis2015,
	title        = {Rayon: data parallelism in Rust},
	author       = {Matsakis, Nicholas D.},
	year         = 2015,
	month        = {Dec}
}
@article{Salasnich2015,
	title        = {Quantum Physics of Light and Matter: A Modern Introduction to Photons, Atoms and Many-Body Systems},
	author       = {Salasnich, Luca},
	year         = 2015,
	journal      = {Contemporary Physics},
	publisher    = {Taylor & Francis},
	volume       = 56,
	number       = 4,
	pages        = {483--483}
}
@misc{Wadsley2015,
	title        = {Part IB - Linear Algebra},
	author       = {S. J. Wadsley},
	year         = 2015,
	organization = {University of Cambridge},
	howpublished = {\url{https://dec41.user.srcf.net/h/IB_M/linear_algebra/3_1}}
}
@inproceedings{Antoniadis2016,
	title        = {Chasing Convex Bodies and Functions},
	author       = {Antoniadis, Antonios and Barcelo, Neal and Nugent, Michael and Pruhs, Kirk and Schewior, Kevin and Scquizzato, Michele},
	year         = 2016,
	month        = {03},
	pages        = {68--81}
}
@inproceedings{Chen2016,
	title        = {Using Predictions in Online Optimization: Looking Forward with an Eye on the Past},
	author       = {Chen, Niangjun and Comden, Joshua and Liu, Zhenhua and Gandhi, Anshul and Wierman, Adam},
	year         = 2016,
	booktitle    = {Proceedings of the 2016 ACM SIGMETRICS International Conference on Measurement and Modeling of Computer Science},
	publisher    = {Association for Computing Machinery},
	series       = {SIGMETRICS '16},
	pages        = {193–206},
	numpages     = 14
}
@article{Dayarathna2016,
	title        = {Data Center Energy Consumption Modeling: A Survey},
	author       = {Dayarathna, Miyuru and Wen, Yonggang and Fan, Rui},
	year         = 2016,
	journal      = {IEEE Communications Surveys   Tutorials},
	volume       = 18,
	number       = 1,
	pages        = {732--794}
}
@article{Jin2016,
	title        = {Green Data Centers: {A} Survey, Perspectives, and Future Directions},
	author       = {Xibo Jin and Fa Zhang and Athanasios V. Vasilakos and Zhiyong Liu},
	year         = 2016,
	journal      = {CoRR},
	volume       = {abs/1608.00687}
}
@techreport{Shehabi2016,
	title        = {United States Data Center Energy Usage Report},
	author       = {Arman Shehabi and Sarah Josephine Smith and Dale A. Sartor and Richard E. Brown and Magnus Herrlin and Jonathan G. Koomey and Eric R. Masanet and Horner, Nathaniel and In{\^e}s Lima Azevedo and Lintner, William},
	year         = 2016,
	month        = {jun}
}
@misc{Singer2016,
	title        = {AM 221: Advanced Optimization},
	author       = {Yaron Singer},
	year         = 2016,
	organization = {Harvard University}
}
@article{Bubeck2017,
	title        = {k-server via multiscale entropic regularization},
	author       = {S{\'{e}}bastien Bubeck and Michael B. Cohen and James R. Lee and Yin Tat Lee and Aleksander Madry},
	year         = 2017,
	journal      = {CoRR},
	volume       = {abs/1711.01085}
}
@misc{Goel2017,
	title        = {Thinking Fast and Slow: Optimization Decomposition Across Timescales},
	author       = {Gautam Goel and Niangjun Chen and Adam Wierman},
	year         = 2017
}
@misc{Kappelmann2017,
	title        = {Algorithms for Dynamic Right-Sizing in Data Centers},
	author       = {Kappelmann, Kevin},
	year         = 2017,
	month        = jul
}
@inproceedings{Lu2017,
	title        = {Imbalance in the cloud: An analysis on Alibaba cluster trace},
	author       = {Lu, Chengzhi and Ye, Kejiang and Xu, Guoyao and Xu, Cheng-Zhong and Bai, Tongxin},
	year         = 2017,
	booktitle    = {2017 IEEE International Conference on Big Data (Big Data)},
	pages        = {2884--2892}
}
@misc{Taylor2017,
	title        = {Forecasting at scale},
	author       = {Taylor, Sean J. and Letham, Benjamin},
	year         = 2017,
	month        = {Sep}
}
@inproceedings{Albers2018,
	title        = {Optimal Algorithms for Right-Sizing Data Centers},
	author       = {Quedenfeld, Jens and Albers, Susanne},
	year         = 2018,
	booktitle    = {Proceedings of the 30th on Symposium on Parallelism in Algorithms and Architectures},
	publisher    = {Association for Computing Machinery},
	series       = {SPAA '18},
	pages        = {363–372},
	numpages     = 10
}
@misc{Alibaba2018,
	title        = {Alibaba Cluster Trace Program},
	year         = 2018,
	organization = {Alibaba},
	howpublished = {\url{https://github.com/alibaba/clusterdata}}
}
@article{Amvrosiadis2018,
	title        = {The Atlas Cluster Trace Repository},
	author       = {George Amvrosiadis and Michael Kuchnik and Jun Woo Park and Chuck Cranor and Gregory R. Ganger and Elisabeth Moore and Nathan DeBardeleben},
	year         = 2018,
	journal      = {;login:},
	publisher    = {USENIX},
	volume       = 43,
	pages        = {29–35}
}
@inproceedings{Amvrosiadis2018_2,
	title        = {On the Diversity of Cluster Workloads and Its Impact on Research Results},
	author       = {Amvrosiadis, George and Park, Jun Woo and Ganger, Gregory R. and Gibson, Garth A. and Baseman, Elisabeth and DeBardeleben, Nathan},
	year         = 2018,
	booktitle    = {Proceedings of the 2018 USENIX Conference on Usenix Annual Technical Conference},
	publisher    = {USENIX Association},
	series       = {USENIX ATC '18},
	pages        = {533–546},
	numpages     = 14
}
@misc{Amvrosiadis2018_3,
	title        = {ATLAS Repository: Traces},
	author       = {George Amvrosiadis and Michael Kuchnik and Jun Woo Park and Chuck Cranor and Gregory R. Ganger and Elisabeth Moore and Nathan DeBardeleben},
	year         = 2018,
	organization = {Carnegie Mellon University},
	howpublished = {\url{https://ftp.pdl.cmu.edu/pub/datasets/ATLAS/index.html}}
}
@article{Bubeck2018,
	title        = {Competitively Chasing Convex Bodies},
	author       = {S{\'{e}}bastien Bubeck and Yin Tat Lee and Yuanzhi Li and Mark Sellke},
	year         = 2018,
	journal      = {CoRR},
	volume       = {abs/1811.00887}
}
@article{Bubeck2018_2,
	title        = {Chasing Nested Convex Bodies Nearly Optimally},
	author       = {S{\'{e}}bastien Bubeck and Yin Tat Lee and Yuanzhi Li and Mark Sellke},
	year         = 2018,
	journal      = {CoRR},
	volume       = {abs/1811.00999}
}
@article{Bubeck2018_3,
	title        = {Metrical task systems on trees via mirror descent and unfair gluing},
	author       = {S{\'{e}}bastien Bubeck and Michael B. Cohen and James R. Lee and Yin Tat Lee},
	year         = 2018,
	journal      = {CoRR},
	volume       = {abs/1807.04404}
}
@article{Chen2018,
	title        = {Smoothed Online Convex Optimization in High Dimensions via Online Balanced Descent},
	author       = {Niangjun Chen and Gautam Goel and Adam Wierman},
	year         = 2018,
	journal      = {CoRR},
	volume       = {abs/1803.10366}
}
@article{Goel2018,
	title        = {Smoothed Online Optimization for Regression and Control},
	author       = {Gautam Goel and Adam Wierman},
	year         = 2018,
	journal      = {CoRR},
	volume       = {abs/1810.10132}
}
@article{Jones2018,
	title        = {How to stop data centres from gobbling up the world’s electricity},
	author       = {Jones, Nicola},
	year         = 2018,
	month        = {Sep},
	journal      = {Nature},
	volume       = 561,
	pages        = {163--166}
}
@misc{Li2018,
	title        = {Online Optimization with Predictions and Switching Costs: Fast Algorithms and the Fundamental Limit},
	author       = {Yingying Li and Guannan Qu and Na Li},
	year         = 2018
}
@article{Argue2019,
	title        = {Chasing Convex Bodies with Linear Competitive Ratio},
	author       = {C. J. Argue and Anupam Gupta and Guru Guruganesh and Ziye Tang},
	year         = 2019,
	journal      = {CoRR},
	volume       = {abs/1905.11877}
}
@misc{Ballu2019,
	title        = {Online Convex Optimization for Portfolio Management},
	author       = {Ballu, Marin},
	year         = 2019
}
@misc{Chen2019,
	title        = {Smoothing for nonsmooth optimization},
	author       = {Yuxin Chen},
	year         = 2019,
	organization = {Princeton University}
}
@misc{Goel2019,
	title        = {Beyond Online Balanced Descent: An Optimal Algorithm for Smoothed Online Optimization},
	author       = {Gautam Goel and Yiheng Lin and Haoyuan Sun and Adam Wierman},
	year         = 2019
}
@article{Hazan2019,
	title        = {Introduction to Online Convex Optimization},
	author       = {Elad Hazan},
	year         = 2019,
	journal      = {CoRR},
	volume       = {abs/1909.05207}
}
@misc{Jeon2019,
	title        = {Analysis of Large-Scale Multi-Tenant GPU Clusters for DNN Training Workloads},
	author       = {Myeongjae Jeon and Shivaram Venkataraman and Amar Phanishayee and Junjie Qian and Wencong Xiao and Fan Yang},
	year         = 2019
}
@article{Lin2019,
	title        = {Online Optimization with Predictions and Non-convex Losses},
	author       = {Yiheng Lin and Gautam Goel and Adam Wierman},
	year         = 2019,
	journal      = {CoRR},
	volume       = {abs/1911.03827}
}
@inproceedings{Rossi2019,
	title        = {Horizontal and Vertical Scaling of Container-Based Applications Using Reinforcement Learning},
	author       = {Rossi, Fabiana and Nardelli, Matteo and Cardellini, Valeria},
	year         = 2019,
	booktitle    = {2019 IEEE 12th International Conference on Cloud Computing (CLOUD)},
	pages        = {329--338}
}
@article{Sellke2019,
	title        = {Chasing Convex Bodies Optimally},
	author       = {Mark Sellke},
	year         = 2019,
	journal      = {CoRR},
	volume       = {abs/1905.11968}
}
@misc{Santhanam2019,
	title        = {Analysis of Microsoft Fiddle Trace},
	author       = {Santhanam, Keshav},
	year         = 2019,
	howpublished = {\url{https://github.com/msr-fiddle/philly-traces/blob/master/analysis/Philly\%20Trace\%20Analysis.ipynb}}
}
@article{Argue2020,
	title        = {Dimension-Free Bounds on Chasing Convex Functions},
	author       = {C. J. Argue and Anupam Gupta and Guru Guruganesh},
	year         = 2020,
	journal      = {CoRR},
	volume       = {abs/2005.14058}
}
@misc{Bashroush2020,
	title        = {Beyond PUE: Tackling IT’s Wasted Terawatts},
	author       = {Bashroush, Rabih and Lawrence, Andy},
	year         = 2020,
	month        = {Jan},
	organization = {Uptime Institute}
}
@article{Benidis2020,
	title        = {Neural forecasting: Introduction and literature overview},
	author       = {Konstantinos Benidis and Syama Sundar Rangapuram and Valentin Flunkert and Bernie Wang and Danielle C. Maddix and Ali Caner T{\"{u}}rkmen and Jan Gasthaus and Michael Bohlke{-}Schneider and David Salinas and Lorenzo Stella and Laurent Callot and Tim Januschowski},
	year         = 2020,
	journal      = {CoRR},
	volume       = {abs/2004.10240}
}
@article{Chen2020,
	title        = {Towards Accurate Prediction for High-Dimensional and Highly-Variable Cloud Workloads with Deep Learning},
	author       = {Chen, Zheyi and Hu, Jia and Min, Geyong and Zomaya, Albert Y. and El-Ghazawi, Tarek},
	year         = 2020,
	month        = apr,
	journal      = {IEEE Trans. Parallel Distrib. Syst.},
	publisher    = {IEEE Press},
	volume       = 31,
	number       = 4,
	pages        = {923–934},
	issue_date   = {April 2020},
	numpages     = 12
}
@misc{Gupta2020,
	title        = {15-850: Advanced Algorithms},
	author       = {Anupam Gupta},
	year         = 2020,
	organization = {Carnegie Mellon University}
}
@misc{Hölzle2020,
	title        = {Announcing ‘round-the-clock clean energy for cloud},
	author       = {Hölzle, Urs},
	year         = 2020,
	month        = {sep},
	howpublished = {\url{https://cloud.google.com/blog/topics/inside-google-cloud/announcing-round-the-clock-clean-energy-for-cloud}}
}
@article{Ismail2020,
	title        = {Computing server power modeling in a data center: survey, taxonomy and performance evaluation},
	author       = {Leila Ismail and Huned Materwala},
	year         = 2020,
	journal      = {CoRR},
	volume       = {abs/2004.12335}
}
@article{Masanet2020,
	title        = {Recalibrating global data center energy-use estimates},
	author       = {Masanet, Eric and Shehabi, Arman and Lei, Nuoa and Koomey, Jonathan},
	year         = 2020,
	month        = {Feb},
	journal      = {Science},
	volume       = 367,
	pages        = {984--986}
}
@article{Perkel2020,
	title        = {Why scientists are turning to Rust},
	author       = {Perkel, Jeffrey M.},
	year         = 2020,
	month        = {Dec},
	journal      = {Nature},
	volume       = 588,
	pages        = {185--186}
}
@inproceedings{Albers2021,
	title        = {Algorithms for Energy Conservation in Heterogeneous Data Centers},
	author       = {Quedenfeld, Jens and Albers, Susanne},
	year         = 2021,
	booktitle    = {Algorithms  and Complexity},
	publisher    = {Springer International Publishing},
	pages        = {75--89}
}
@misc{Albers2021_2,
	title        = {Algorithms for Right-Sizing Heterogeneous Data Centers},
	author       = {Quedenfeld, Jens and Albers, Susanne},
	year         = 2021
}
@misc{EIA2021,
	title        = {Monthly Electric Power Industry Report},
	year         = 2021,
	month        = {apr},
	organization = {U.S. Energy Information Administration},
	howpublished = {\url{https://www.eia.gov/electricity/monthly/epm_table_grapher.php}}
}
@misc{Hosseini2021,
	title        = {A flexible forecasting model for production systems},
	author       = {Reza Hosseini and Kaixu Yang and Albert Chen and Sayan Patra},
	year         = 2021
}
@misc{Hübotter2021,
	title        = {Implementation of Algorithms for Right-Sizing Data Centers: Implementation},
	author       = {Hübotter, Jonas},
	year         = 2021,
	howpublished = {\url{https://jonhue.github.io/bachelors-thesis}}
}
@misc{Hübotter2021_2,
	title        = {Implementation of Algorithms for Right-Sizing Data Centers: Rust package},
	author       = {Hübotter, Jonas},
	year         = 2021,
	howpublished = {\url{https://crates.io/crates/soco}}
}
@misc{Hübotter2021_3,
	title        = {Implementation of Algorithms for Right-Sizing Data Centers: Python package},
	author       = {Hübotter, Jonas},
	year         = 2021,
	howpublished = {\url{https://pypi.org/project/smoothed_online_convex_optimization}}
}
@misc{Hübotter2021_4,
	title        = {Implementation of Algorithms for Right-Sizing Data Centers: Documentation},
	author       = {Hübotter, Jonas},
	year         = 2021,
	howpublished = {\url{https://jonhue.github.io/bachelors-thesis/doc/soco/}}
}
@misc{Miller2021,
	title        = {Google Moving Workloads Between Data Centers to Use Greener Energy},
	author       = {Miller, Rich},
	year         = 2021,
	month        = may,
	howpublished = {\url{https://datacenterfrontier.com/google-moving-workloads-between-data-centers-to-use-greener-energy/}}
}
@misc{Pruhs2021,
	title        = {Errata},
	author       = {Pruhs, Kirk},
	year         = 2021,
	howpublished = {\url{http://people.cs.pitt.edu/~kirk/Errata.html}}
}
@article{Shah2021,
	title        = {Sequential Ski Rental Problem},
	author       = {Anant Shah and Arun Rajkumar},
	year         = 2021,
	journal      = {CoRR},
	volume       = {abs/2104.06050}
}
@misc{BTreeMap,
	title        = {BTreeMap},
	organization = {Rust},
	howpublished = {\url{https://doc.rust-lang.org/stable/std/collections/struct.BTreeMap.html}}
}
@misc{Johnson,
	title        = {The NLopt nonlinear-optimization package},
	author       = {Steven G. Johnson},
	url          = {\url{http://github.com/stevengj/nlopt}}
}
@misc{Rust,
	title        = {Rust Programming Language},
	organization = {Rust},
	howpublished = {\url{https://www.rust-lang.org/}}
}
@misc{Weisstein,
	title        = {Laguerre-Gauss Quadrature},
	author       = {Weisstein, Eric W.},
	organization = {From MathWorld--A Wolfram Web Resource},
	howpublished = {\url{https://mathworld.wolfram.com/Laguerre-GaussQuadrature.html}}
}
@misc{Wierman,
	title        = {Personal communication},
	author       = {Adam Wierman},
	year         = 2021
}
